@article{dummy,
	title={Foo},
	author={Bar},
	year={2000}
}
